<?xml version="1.0" encoding="UTF-8"?><collection xmlns="http://www.loc.gov/MARC21/slim"><record><leader>00460nam--2200169-i-4500</leader><controlfield tag="001">000007095</controlfield><controlfield tag="002">20161230</controlfield><controlfield tag="005">20161230201027</controlfield><controlfield tag="008">060222s1000------------r-----000-0-eng-d</controlfield><datafield ind1=" " ind2=" " tag="040"><subfield code="a">IFIN-HH</subfield></datafield><datafield ind1=" " ind2=" " tag="080"><subfield code="a">519.283</subfield></datafield><datafield ind1=" " ind2=" " tag="100"><subfield code="a">Bellman, Richard</subfield></datafield><datafield ind1="1" ind2="0" tag="245"><subfield code="a">Mathematical optimization techniques</subfield><subfield code="c">Richard bellman</subfield></datafield><datafield ind1=" " ind2=" " tag="260"><subfield code="a">Berkeley</subfield><subfield code="b">University Of California Press</subfield><subfield code="c">1963</subfield></datafield><datafield ind1=" " ind2=" " tag="300"><subfield code="a">XII + 346 P</subfield></datafield><datafield ind1=" " ind2=" " tag="852"><subfield code="a">21149</subfield><subfield code="c">519.283</subfield></datafield><datafield ind1=" " ind2=" " tag="CAT"><subfield code="a">Sys</subfield><subfield code="c">20130807</subfield><subfield code="h">102509</subfield></datafield></record></collection>